<record><leader>00000cas a2200000 a 4500</leader><controlfield tag="001">25563234</controlfield><controlfield tag="008">920331d19331937nyuwr ne      0    0eng c</controlfield><datafield ind1=" " ind2=" " tag="010"><subfield code="a">sn 92061526 </subfield></datafield><datafield ind1=" " ind2=" " tag="040"><subfield code="a">NYS</subfield><subfield code="b">eng</subfield><subfield code="c">NYS</subfield><subfield code="d">OCLCQ</subfield><subfield code="d">OCLCF</subfield><subfield code="d">OCLCO</subfield></datafield><datafield ind1="1" ind2=" " tag="029"><subfield code="a">AU@</subfield><subfield code="b">000020693106</subfield></datafield><datafield ind1=" " ind2=" " tag="042"><subfield code="a">pcc</subfield></datafield><datafield ind1=" " ind2=" " tag="043"><subfield code="a">n-us-ny</subfield></datafield><datafield ind1="0" ind2="4" tag="245"><subfield code="a">The Putnam County news.</subfield></datafield><datafield ind1=" " ind2=" " tag="260"><subfield code="a">Cold Spring, Putnam County, N.Y. :</subfield><subfield code="b">George William Seymour,</subfield><subfield code="c">1933-1937.</subfield></datafield><datafield ind1=" " ind2=" " tag="300"><subfield code="a">v.</subfield></datafield><datafield ind1=" " ind2=" " tag="310"><subfield code="a">Weekly</subfield></datafield><datafield ind1="0" ind2=" " tag="362"><subfield code="a">Vol. 1, no. 21 (July 13, 1933)-v. 5, no. 253 (Dec. 9, 1937).</subfield></datafield><datafield ind1=" " ind2=" " tag="500"><subfield code="a">Publisher: W. Osborn Webb, &lt;1937&gt;.</subfield></datafield><datafield ind1=" " ind2="0" tag="651"><subfield code="a">Cold Spring (Putnam, N.Y.)</subfield><subfield code="v">Newspapers.</subfield></datafield><datafield ind1=" " ind2="0" tag="651"><subfield code="a">Putnam County (N.Y.)</subfield><subfield code="v">Newspapers.</subfield></datafield><datafield ind1=" " ind2="7" tag="655"><subfield code="a">Newspapers.</subfield><subfield code="2">fast</subfield><subfield code="0">(OCoLC)fst01423814</subfield></datafield><datafield ind1=" " ind2="7" tag="651"><subfield code="a">New York (State)</subfield><subfield code="z">Cold Spring (Putnam)</subfield><subfield code="2">fast</subfield><subfield code="0">(OCoLC)fst01799290</subfield></datafield><datafield ind1=" " ind2="7" tag="651"><subfield code="a">New York (State)</subfield><subfield code="z">Putnam County.</subfield><subfield code="2">fast</subfield><subfield code="0">(OCoLC)fst01211409</subfield></datafield><datafield ind1=" " ind2=" " tag="752"><subfield code="a">United States</subfield><subfield code="b">New York</subfield><subfield code="c">Putnam</subfield><subfield code="d">Cold Spring.</subfield></datafield><datafield ind1="0" ind2="0" tag="780"><subfield code="t">Hudson, Putnam and Harlem Valley news</subfield><subfield code="w">(DLC)sn 92061870</subfield><subfield code="w">(OCoLC)26288163</subfield></datafield><datafield ind1="0" ind2="7" tag="785"><subfield code="t">Cold Spring recorder</subfield><subfield code="w">(DLC)sn 83031257</subfield><subfield code="w">(OCoLC)9988154</subfield></datafield><datafield ind1="0" ind2="7" tag="785"><subfield code="t">News recorder (Cold Spring, N.Y.)</subfield><subfield code="w">(DLC)sn 92061527</subfield><subfield code="w">(OCoLC)25563307</subfield></datafield></record>